@incollection{aer08current,
  title={The current status of asteroseismology},
  author={Aerts, Conny and Christensen-Dalsgaard, J{\o}rgen and Cunha, M and Kurtz, Donald W},
  booktitle={Helioseismology, Asteroseismology, and MHD Connections},
  pages={3--20},
  year={2008},
  publisher={Springer}
}

@article{ant94nonasymptotic,
  title={Nonasymptotic helioseismic inversion for solar structure.},
  author={Antia, HM and Basu, S},
  journal={Astronomy and Astrophysics Supplement Series},
  volume={107},
  pages={421--444},
  year={1994}
}

@article{bah04accurately,
  title={How accurately can we calculate the depth of the solar convective zone?},
  author={Bahcall, John N and Serenelli, Aldo M and Pinsonneault, Marc},
  journal={The Astrophysical Journal},
  volume={614},
  number={1},
  pages={464},
  year={2004},
  publisher={IOP Publishing}
}


@article{bro76oscillations,
  title={Observation of free oscillations of the Sun},
  author={Brookes, JR and Isaak, GR and Van der Raay, HB},
  journal={Nature},
  volume={259},
  pages={92--95},
  year={1976}
}

@book{ber03solar,
  title={Physics of the solar system: dynamics and evolution, space physics, and spacetime structure},
  author={Bertotti, Bruno and Farinella, Paolo and Vokrouhlick{\`y}, David},
  volume={293},
  year={2003},
  publisher={Springer Science \& Business Media}
}

@article{cas99helioseismology,
  title={Helioseismology, solar models and neutrino fluxes},
  author={Castellani, V and Degl'Innocenti, S and Dziembowski, WA and Fiorentini, G and Ricci, B},
  journal={Nuclear Physics B-Proceedings Supplements},
  volume={70},
  number={1},
  pages={301--314},
  year={1999},
  publisher={Elsevier}
}

@article{Cha64Variational,
   author = {{Chandrasekhar}, S.},
    title = "{A General Variational Principle Governing the Radial and the Non-Radial Oscillations of Gaseous Masses.}",
  journal = {\apj},
     year = 1964,
    month = feb,
   volume = 139,
    pages = {664},
      doi = {10.1086/147792},
   adsurl = {http://adsabs.harvard.edu/abs/1964ApJ...139..664C},
  adsnote = {Provided by the SAO/NASA Astrophysics Data System}
}


@article{chr92phase,
  title={The phase function for stellar acoustic oscillations--I. Theory},
  author={Christensen-Dalsgaard, J and Hern\'{a}ndez, F P\'{e}rez},
  journal={Monthly Notices of the Royal Astronomical Society},
  volume={257},
  number={1},
  pages={62--88},
  year={1992},
  publisher={Oxford University Press}
}

@article{chr97effects,
  title={Effects of convection on the mean solar structure},
  author={Christensen-Dalsgaard, J},
  journal={arXiv preprint astro-ph/9702104},
  year={1997}
}

@article{cun07asteroseismology,
  title={Asteroseismology and interferometry},
  author={Cunha, Margarida S and Aerts, Conny and Christensen-Dalsgaard, J{\o}rgen and Baglin, A and Bigot, Lionel and Brown, TM and Catala, C and Creevey, OL and De Souza, A Domiciano and Eggenberger, P and others},
  journal={The Astronomy and Astrophysics Review},
  volume={14},
  number={3-4},
  pages={217--360},
  year={2007},
  publisher={Springer}
}


@article{cow41oscillations,
  title={The non-radial oscillations of polytropic stars},
  author={Cowling, TG},
  journal={Monthly Notices of the Royal Astronomical Society},
  volume={101},
  pages={367},
  year={1941}
}

@article{caffau2011solar,
  title={Solar chemical abundances determined with a CO5BOLD 3D model atmosphere},
  author={Caffau, Elisabetta and Ludwig, H-G and Steffen, Matthias and Freytag, Bernd and Bonifacio, Piercarlo},
  journal={Solar Physics},
  volume={268},
  number={2},
  pages={255--269},
  year={2011},
  publisher={Springer}
}

@article{asplund2009chemical,
  title={The chemical composition of the Sun},
  author={Asplund, Martin and Sauval, A Jacques and Scott, Pat and Grevesse, Nicolas},
  journal={Ann. Rev. Astron. Astrophys.},
  volume={47},
  number={arXiv: 0909.0948},
  pages={481--522},
  year={2009}
}

@article{cla79solar,
  title={Solar structure from global studies of the 5-minute oscillation},
  author={Claverie, A and Isaak, GR and McLeod, CP and van der Raay, HB and Cortes, TR},
  journal={Nature},
  volume={282},
  pages={591--594},
  year={1979}
}

@article{chr92solar,
  title={Solar oscillations and the equation of state},
  author={Christensen-Dalsgaard, J{\o}rgen and D{\"a}ppen, Werner},
  journal={The Astronomy and Astrophysics Review},
  volume={4},
  number={3},
  pages={267--361},
  year={1992},
  publisher={Springer}
}

@article{cas68phaselag,
  title={A simplified picture of the Cepheid phase lag},
  author={Castor, John I},
  journal={The Astrophysical Journal},
  volume={154},
  pages={793},
  year={1968}
}

@article{chr02helioseismology,
  title={Helioseismology},
  author={Christensen-Dalsgaard, J},
  journal={arXiv preprint astro-ph/0207403},
  year={2002}
}

@article{deg97helioseismology,
  title={Helioseismology and standard solar models},
  author={Degl'Innoccenti, S and Dziembowski, WA and Fiorentini, G and Ricci, B},
  journal={Astroparticle Physics},
  volume={7},
  number={1},
  pages={77--95},
  year={1997},
  publisher={Elsevier}
}

@article{deu79solar,
  title={Solar p-mode oscillations as a tracer of radial differential rotation},
  author={Deubner, F-L and Ulrich, Roger K and Rhodes Jr, EJ},
  journal={Astronomy and Astrophysics},
  volume={72},
  pages={177--185},
  year={1979}
}

@article{deu75observations,
  title={Observations of low wavenumber nonradial eigenmodes of the Sun},
  author={Deubner, F-L},
  journal={Astronomy and Astrophysics},
  volume={44},
  pages={371--375},
  year={1975}
}

@article{duv82dispersion,
  title={A dispersion law for solar oscillations},
  author={Duvall Jr, TL},
  journal={nature},
  volume={300},
  pages={242},
  year={1982}
}

@MISC{dal03notes,
    author = {J{\o}rgen Christensen-Dalsgaard},
    title = {Lecture Notes on Stellar Oscillations},
    year = {2003},
    url={http://users-phys.au.dk/jcd/oscilnotes/}
}

@book{edd26internal,
  title={The internal constitution of the stars},
  author={Eddington, Arthur S and Eddington, Arthur Stanley},
  year={1926},
  publisher={Cambridge University Press}
}

@article{ell95opacity,
  title={Opacity determination in the solar radiative interior},
  author={Elliott, JR},
  journal={Monthly Notices of the Royal Astronomical Society},
  volume={277},
  number={4},
  pages={1567--1579},
  year={1995},
  publisher={Oxford University Press}
}

@article{ell98adiabatic,
  title={The adiabatic exponent in the solar core},
  author={Elliott, JR and Kosovichev, AG},
  journal={The Astrophysical Journal Letters},
  volume={500},
  number={2},
  pages={L199},
  year={1998},
  publisher={IOP Publishing}
}

@inproceedings{ell98relativistic,
  title={Relativistic Effects in the Solar Equation of State},
  author={Elliott, JR and Kosovichev, AG},
  booktitle={Structure and Dynamics of the Interior of the Sun and Sun-like Stars},
  volume={418},
  pages={453},
  year={1998}
}

@techreport{gau03history,
  title={The history of radial stellar pulsation theory},
  author={Gautschy, Alfred},
  year={2003},
  institution={ETH-Bibliothek (Z{\"u}rich)}
}

@article{gio78magnetic,
year={1978},
issn={0038-0938},
journal={Solar Physics},
volume={59},
number={1},
doi={10.1007/BF00154931},
title={Motions in solar magnetic tubes},
url={http://dx.doi.org/10.1007/BF00154931},
publisher={Kluwer Academic Publishers},
author={Giovanelli, R.G. and Nikolsky, G.M. and Harvey, J.W.},
pages={49-64},
language={English}
}

@article{gou91seismic,
  title={Seismic observations of the solar interior},
  author={Gough, Douglas and Toomre, Juri},
  journal={Annual Review of Astronomy and Astrophysics},
  volume={29},
  pages={627--685},
  year={1991}
}

@article{hagen21variablestars,
  title={The astrophysical problem of variable stars},
  author={Hagen, JG},
  journal={Monthly Notices of the Royal Astronomical Society},
  volume={81},
  pages={226--228},
  year={1921}
}

@book{han12stellar,
  title={Stellar interiors: physical principles, structure, and evolution},
  author={Hansen, Carl J and Kawaler, Steven D and Trimble, Virginia},
  year={2012},
  publisher={Springer Science \& Business Media}
}

@article{hill78long,
  title={Long-period oscillations of the apparent solar diameter-Observations},
  author={Brown, TM and Stebbins, RT and Hill, HA},
  journal={The Astrophysical Journal},
  volume={223},
  pages={324--338},
  year={1978}
}

@incollection{jor81sun,
  title={The Sun as a star},
  author={Leibacher, JW and Stein, RF and Jordan, S},
  booktitle={NASA-CNRS Monograph Series on Nonthermal Phenomena in Stellar Atmospheres,},
  pages={263--287},
  year={1981}
}

@book{kip90stellar,
  title={Stellar structure and evolution},
  author={Kippenhahn, Rudolf and Weigert, Alfred and Weiss, Achim},
  volume={44},
  year={1990},
  publisher={Springer}
}

@article{lei62velocity,
  title={Velocity Fields in the Solar Atmosphere. I. Preliminary Report.},
  author={Leighton, Robert B and Noyes, Robert W and Simon, George W},
  journal={The Astrophysical Journal},
  volume={135},
  pages={474},
  year={1962}
}

@article{lan59fluid,
  title={Fluid mechanics. 1959},
  author={Landau, LD and Lifshitz, EM},
  journal={Course of Theoretical Physics},
  year={1959}
}

@article{lea12periods,
  title={Periods of 25 Variable Stars in the Small Magellanic Cloud.},
  author={Leavitt, Henrietta S and Pickering, Edward C},
  journal={Harvard College Observatory Circular},
  volume={173},
  pages={1--3},
  year={1912}
}

@article{lam09waves,
  title={On the theory of waves propagated vertically in the atmosphere},
  author={Horace, Lamb},
  journal={Proceedings of the London Mathematical Society},
  volume={2},
  number={1},
  pages={122--141},
  year={1909},
  publisher={Oxford University Press}
}

@article{ric97helioseismic,
  title={Helioseismic constraints to the central solar temperature and neutrino fluxes},
  author={Ricci, B and Berezinsky, V and Degl'Innocenti, S and Dziembowski, WA and Fiorentini, G},
  journal={Physics Letters B},
  volume={407},
  number={2},
  pages={155--160},
  year={1997},
  publisher={Elsevier}
}

@article{ste74waves,
  title={Waves in the solar atmosphere},
  author={Stein, Robert F and Leibacher, John},
  journal={Annual Review of Astronomy and Astrophysics},
  volume={12},
  pages={407--435},
  year={1974}
}

@article{stein71five,
  title={A new description of the solar five-minute oscillation},
  author={Leibacher, JW and Stein, RFi},
  journal={Astrophysical Letters},
  volume={7},
  pages={191--192},
  year={1971}
}

@article{sha14nature,
  title={On the nature and cause of Cepheid variation},
  author={Shapley, Harlow},
  journal={The Astrophysical Journal},
  volume={40},
  pages={448},
  year={1914}
}

@article{tol63waves,
  title={The theory of waves in stratified fluids including the effects of gravity and rotation},
  author={Tolstoy, Ivan},
  journal={Reviews of Modern Physics},
  volume={35},
  number={1},
  pages={207},
  year={1963},
  publisher={APS}
}

@article{ulrich70five,
  title={The five-minute oscillations on the solar surface},
  author={Ulrich, Roger K},
  journal={The Astrophysical Journal},
  volume={162},
  pages={993},
  year={1970}
}
